% Encoding:UTF8

@book{Lippman:2012:CP:2423877,
 author = {Lippman, Stanley B. and Lajoie, Jose and Moo, Barbara E.},
 title = {C++ Primer},
 year = {2012},
 isbn = {0321714113, 9780321714114},
 edition = {5th},
 publisher = {Addison-Wesley Professional},
}
@book{textbook,
 author = {Deitel, Paul and Deitel, Harvey},
 title = {C++ How to Program},
 year = {2016},
 isbn = {0133378713, 9780133378719},
 edition = {9th},
 publisher = {Pearson},
}
